<record><leader>00000cas a22000007a 4500</leader><controlfield tag="001">11909820</controlfield><controlfield tag="008">850412c19429999ctuwr ne      0   a0eng d</controlfield><datafield ind1=" " ind2=" " tag="010"><subfield code="a">sn 85009852 </subfield></datafield><datafield ind1=" " ind2=" " tag="040"><subfield code="a">NSD</subfield><subfield code="b">eng</subfield><subfield code="c">NSD</subfield><subfield code="d">CNW</subfield><subfield code="d">OCLCQ</subfield></datafield><datafield ind1=" " ind2=" " tag="012"><subfield code="m">1</subfield></datafield><datafield ind1="1" ind2=" " tag="022"><subfield code="a">8750-9156</subfield><subfield code="l">8750-9156</subfield><subfield code="2">1</subfield></datafield><datafield ind1=" " ind2=" " tag="032"><subfield code="a">738210</subfield><subfield code="b">USPS</subfield></datafield><datafield ind1=" " ind2=" " tag="037"><subfield code="b">The East Hartford Gazette, 54 Connecticut Blvd., East Hartford, CT 06108</subfield></datafield><datafield ind1=" " ind2=" " tag="042"><subfield code="a">nsdp</subfield></datafield><datafield ind1=" " ind2="4" tag="222"><subfield code="a">The East Hartford gazette</subfield></datafield><datafield ind1="0" ind2="4" tag="245"><subfield code="a">The East Hartford gazette.</subfield></datafield><datafield ind1=" " ind2=" " tag="260"><subfield code="a">East Hartford, Conn. :</subfield><subfield code="b">Gazette Pub. Co.</subfield></datafield><datafield ind1=" " ind2=" " tag="310"><subfield code="a">Weekly</subfield></datafield><datafield ind1="0" ind2=" " tag="362"><subfield code="a">57th year, no. 49 (Aug. 28, 1942)-73rd year, no. 43 (Nov. 21, 1957) ; Nov. 28, 1957-v. 96, no. 8 (Feb. 27, 1980) ; 96th year, no. 10 (Mar. 5, 1980)-100th year, no. 25 (June 20, 1984) ; v. 99, no. 26 (June 28, 1984)-</subfield></datafield><datafield ind1=" " ind2=" " tag="500"><subfield code="a">Issues for Dec. 19, 1963-July 6, 1967 called also: 79th year-83rd year. Issues for Jan. 9, 1975-Feb. 20, 1980 lack volume numbering.</subfield></datafield><datafield ind1=" " ind2=" " tag="530"><subfield code="a">Available on microfilm from Connecticut State Library, Hartford, Conn.</subfield></datafield><datafield ind1=" " ind2="4" tag="651"><subfield code="a">East Hartford (Conn.)</subfield><subfield code="v">Newspapers.</subfield></datafield><datafield ind1=" " ind2="4" tag="651"><subfield code="a">Glastonbury (Conn.)</subfield><subfield code="v">Newspapers.</subfield></datafield><datafield ind1=" " ind2="4" tag="651"><subfield code="a">South Windsor (Conn.)</subfield><subfield code="v">Newspapers.</subfield></datafield><datafield ind1=" " ind2="4" tag="651"><subfield code="a">East Windsor (Conn.)</subfield><subfield code="v">Newspapers.</subfield></datafield><datafield ind1=" " ind2=" " tag="752"><subfield code="a">United States</subfield><subfield code="b">Connecticut</subfield><subfield code="c">Hartford</subfield><subfield code="d">New Britain.</subfield></datafield><datafield ind1="0" ind2="0" tag="780"><subfield code="t">Weekly gazette (East Hartford, Conn.)</subfield><subfield code="w">(DLC)sn 91066932</subfield><subfield code="w">(OCoLC)24357722</subfield></datafield><datafield ind1=" " ind2=" " tag="936"><subfield code="a">Mar. 8, 1985</subfield></datafield><datafield ind1="1" ind2=" " tag="029"><subfield code="a">AU@</subfield><subfield code="b">000020370577</subfield></datafield></record>